@book{Gibson79,
	Author = {Gibson, J.J.},
	Publisher = {Boston: Houghton Mifflin},
	Title = {The ecological approach to visual perception},
	Year = {1979}}

